enjotel@dr-enjotel-2024.2420:1716022374